3242 4984
434 431 483 472 1¹-

778 477 917 618 «μὶ

389 677 423 765 -Ῐ
428 698 645 818 addendum
682 699 845 808 tempori
886 686 1152 783 observationis
1185 683 1339 784 secundi

415 837 621 920 *contaetus
641 829 913 914 Stockhosmiae
929 825 1128 929 observati,
1139 853 1221 946 quo
1236 829 1340 915 obti-

1253 989 1343 1049 nea-

433 1087 1338 1124 -ψ--ι--η--ι--ι--ι

387 1129 390 1136 ’
424 1125 545 1216 ριιὶνῖὲ
565 1123 734 1192 sontibus.
756 1121 953 1190 Differentia
975 1127 1150 1193 meridiani
1165 1127 1343 1196 Stoclchol·

328 1295 332 1302 ι
423 1213 554 1284 miensrs
572 1221 636 1303 (ut
659 1215 776 1281 eodem
800 1219 954 1301 exemplo
977 1215 1185 1301 infistamua)
1207 1218 1249 1284 ab
1273 1238 1343 1284 me·

421 1307 553 1376 ridiano
573 1312 723 1371 Romano
748 1309 782 1370 in
805 1309 986 1372 Parailaxis
1008 1309 1258 1396 investigatione
1282 1331 1342 1395 po-

422 1397 480 1464 srta
503 1394 568 1462 suit
581 1397 633 1462 22'
648 1389 729 1477 50'':
751 1413 784 1460 at
797 1417 860 1472 ea,
879 1417 954 1515 quae
977 1402 1149 1485 colligitur
1171 1418 1214 1463 ex
1237 1399 1343 1486 hypo-

423 1485 504 1555 thesi
515 1489 691 1552 Parailaxis
714 1483 821 1567 9¹¹,esi
844 1503 890 1553 22
913 1481 976 1567 49‘'
999 1505 1245 1575 tantumque
1267 1489 1342 1574 qui·
1414 1499 1418 1502 ’
1515 1581 1517 1588 Α

421 1579 500 1644 dem
519 1573 542 1642 si
563 1577 756 1644 adhibeatur
768 1579 803 1642 in
817 1576 1248 1666 ejusdeminvestigatioue,
1268 1599 1341 1647 rur·

417 1663 495 1735 ‘sum
506 1671 636 1754 propius
647 1668 842 1733 accedemus
866 1668 907 1746 ad
920 1667 1106 1736 mensuram
1119 1670 1159 1752 9‘'
1173 1713 1185 1747 ,
1206 1669 1242 1735 ἀ
1253 1671 1343 1757 qnod

420 1756 622 1824 discriminis
635 1758 762 1825 restabit
773 1800 785 1834 ,
797 1761 862 1824 erit
875 1757 1021 1844 prosedo
1032 1760 1340 1828 contemnendum.

419 1855 483 1916 His
497 1847 648 1920 accedit,
669 1849 758 1930 quod
772 1848 945 1913 methodus
968 1850 1136 1925 adhibita,
1156 1854 1267 1936 potius
1292 1849 1344 1933 dt

421 1939 526 2004 cende
547 1936 590 2001 est
610 1938 674 2021 (ut
694 1933 830 2021 quidem
852 1935 947 2002 nobie
969 1938 1138 2022 videtur)
1164 1937 1342 2006 methodue

422 2027 713 2115 approximationit
734 2067 746 2102 ,
767 2046 868 2110 quam
892 2026 1086 2110 praecisionis
1107 2054 1115 2094 :
1147 2026 1342 2115 supponitur

421 2123 514 2186 enim
536 2120 743 2182 incrementa
766 2116 993 2203 distantiarum
1013 2119 1077 2184 effe
1101 2120 1242 2204 tempori
1265 2140 1342 2204 pro-

422 2209 640 2300 portionalia:
666 2203 755 2286 quod
768 2204 1006 2272 accuratissime
1018 2207 1342 2296 loquendoverum.»

421 2323 493 2368 nott
506 2300 566 2365 est.
592 2298 680 2366 Hinc
693 2294 760 2380 post
772 2297 944 2361 inventam
957 2301 1156 2377 Patellaxim
1170 2298 1210 2362 ad
1223 2319 1338 2366 veram

422 2393 528 2475 magis
552 2386 791 2460 accedentem,
810 2405 911 2470 quam
934 2405 1001 2462 ea,
1021 2407 1096 2472 quae
1114 2389 1223 2473 primo
1241 2386 1341 2472 posita

422 2478 522 2556 suit,
554 2477 778 2545 instaurandus
801 2473 909 2542 fuisset
927 2480 1075 2542 calculus
1107 2481 1143 2541 in
1173 2477 1338 2559 hypothest

422 2572 622 2655 hujusnovae
634 2570 865 2643 Parallaxeoc,
886 2565 928 2631 ad
947 2567 1186 2651 explorandum
1198 2565 1339 2643 saltem,

241 2747 244 2754 Ι
364 2689 366 2692 ·
422 2683 504 2726 num
537 2658 620 2724 istaec
650 2677 727 2721 cum
756 2658 939 2727 rationibus
962 2655 1102 2741 ipsarum
1134 2651 1340 2725 observatio·

423 2771 505 2816 num
529 2744 675 2829 undique
696 2761 918 2826 congrueret.
953 2748 1015 2813 sed
1046 2751 1136 2813 hunc
1161 2747 1340 2820 laborem..

421 2832 659 2923 suscipiendum
672 2835 890 2919 relinquimus
903 2836 966 2911 iis,
986 2837 1043 2920 qui
1056 2840 1127 2902 otio
1148 2836 1336 2924 abundant3

321 3011 324 3017 Ι
422 2923 604 3014 quibusque
622 2923 805 3011 persuasum
828 2923 894 3001 est,
920 2947 1042 2993 neutro
1065 2927 1200 3013 quidem
1221 2927 1339 2993 secun·

423 3020 511 3085 doitr
524 3016 718 3082 definitione
731 3031 917 3100 temporum
933 3016 1142 3088 contaduum
1163 3041 1180 3084 a
1200 3016 1336 3084 summit

421 3111 622 3182 Astronomis
635 3125 780 3171 erratum
801 3104 864 3172 esse
883 3129 892 3169 e
915 3108 1035 3192 dequo
1054 3109 1186 3193 quidem
1204 3104 1335 3176 sortasse
1366 3117 1369 3121 ’

423 3197 579 3285 quispiam
591 3195 742 3263 dubitare
753 3200 876 3279 poterit
888 3243 896 3260 .
907 3200 953 3264 ui
965 3216 1075 3264 autem
1088 3215 1202 3263 omnes
1210 3193 1278 3263 five
1284 3216 1335 3260 er·

422 3287 590 3364 rores,s1vc
599 3287 830 3372 ambiguitates
841 3290 1080 3375 parurn(certe
1092 3288 1199 3353 multo
1211 3286 1335 3370 minut)

347 3407 351 3446 :
424 3379 575 3447 officiunt
598 3381 635 3444 iis
658 3377 959 3452 observationibus,
981 3379 1017 3443 in
1041 3377 1159 3462 quibus
1181 3375 1336 3443 differen-

423 3474 471 3536 tia
507 3470 666 3555 temporis
700 3472 807 3536 multo
840 3473 941 3554 major
962 3467 1084 3533 exstitit
1104 3492 1114 3554 3
1137 3470 1188 3533 uti
1211 3467 1254 3534 esd
1276 3468 1336 3535 ob·

342 3579 345 3586 ’
423 3561 562 3629 servatio
595 3560 819 3626 Promontorii
838 3573 925 3626 'cum
956 3565 1137 3632 Romana,
1168 3556 1204 3626 dt
1227 3562 1334 3625 multo

422 3653 528 3736 magis
550 3671 627 3716 cum
639 3647 912 3716 stoctholmienfi
924 3652 1072 3715 collata:
1097 3669 1215 3735 exqua
1228 3669 1335 3716 cuma

423 3739 627 3814 verisimilius
638 3743 827 3826 colligatur,
838 3743 1034 3806 Parallaxim
1047 3762 1115 3806 non
1127 3736 1218 3806 fuisse
1228 3738 1330 3821 9⁰,25
1355 3811 1358 3814 ,

423 3837 601 3921 majorem,
617 3829 705 3904 nasas
715 3829 777 3896 effe
787 3831 955 3900 crederem
968 3834 1166 3918 longeultra
1177 3851 1255 3903 eum
1266 3843 1333 3899 teri

393 3993 394 3996 ,
424 3925 554 3995 minum
564 3925 599 3991 in
609 3925 677 4013 ejus
688 3921 919 3998 constitutione
929 3925 1018 3999 velle
1027 3941 1220 3996 excurrere.
