3242 4984
287 495 1190 536 ...affl—‘W

709 531 855 670 452?a

287 679 1195 713 ν-ι---·····---------

284 764 395 849 dium
418 754 611 844 sumatur:
637 757 695 840 his
725 754 830 836 enim
851 750 1000 836 duobus
1028 745 1195 840 articulis.

285 895 522 994 constitutis,
539 891 643 976 facili
663 915 777 1001 opera
792 884 937 973 deinde.
949 913 996 971 ca
1010 941 1024 983 ‚
1040 913 1124 1001 quae
1141 889 1198 973 in

285 1031 495 1144 quirimusa
520 1026 739 1112 obtinentur
757 1083 768 1105 .

419 1164 555 1246 Primae
574 1155 850 1246 observationes
871 1155 967 1242 illud
984 1162 1199 1247 incommo

287 1293 330 1379 di
348 1293 512 1396 habent,
539 1267 730 1409 quod'hifi
752 1286 951 1376 abelleno
973 1318 1050 1373 non
1077 1295 1198 1378 modo

286 1426 542 1532 Patallaxeos,
553 1424 617 1512 sed
629 1433 667 1513 δι
680 1423 910 1511 tefiadiionis
926 1423 1069 1512 finerint
1084 1429 1199 1512 extri·

284 1589 394 1660 cata,
405 1562 579 1652 vitiosum
598 1562 745 1660 evadit,
756 1559 947 1676 quidquid
958 1588 1007 1643 tx
1022 1563 1068 1643 iis
1085 1560 1197 1644 colna

286 1698 414 1807 gitur.
448 1696 670 1808 Elegantetn
702 1695 927 1781 methodum
954 1695 1198 1780 exstricandaa

284 1852 373 1911 rum
399 1824 609 1934 hujusmodi
646 1819 947 1914 observationum
982 1828 1032 1910 ab
1064 1821 1197 1913 ellectu

286 1957 515 2044 refrauionis
525 1961 649 2044 'tradit
666 1959 714 2043 cl.
728 1960 943 2048 Eustachius
962 1954 1198 2045 Manfredius

287 2095 327 2176 in
339 2097 638 2186 Commentariis
654 2090 872 2177 Academia
885 2087 1126 2177 Bononienfis
1148 2091 1198 2178 ad

286 2253 345 2309 an.
366 2255 504 2334 1723.
528 2250 666 2337 quam,
689 2216 756 2306 etst
772 2216 993 2335 opetoltm‚
1015 2222 1198 2308 adhibete

286 2355 386 2442 haud
405 2348 667 2472 negleniliem,
684 2352 710 2438 fi
728 2355 869 2462 hatum-
888 2353 1195 2446 observationum

285 2491 459 2576 conditio
485 2492 527 2576 id
550 2486 754 2603 efflagitare
780 2485 856 2576 visa
873 2483 984 2574 ellet.
1018 2493 1197 2594 Verum

287 2626 433 2706 ratione
458 2620 588 2708 habita
605 2618 821 2710 differentia
852 2628 997 2738 exigua
1014 2625 1113 2708 inter
1137 2649 1199 2706 te-

284 2750 508 2838 fradiionem
536 2755 725 2840 altitudini
744 2756 857 2843 limbi
881 2758 1044 2857 Solatis,
1074 2763 1113 2841 &
1137 2783 1199 2843 te-

283 2881 506 2972 fractionem
539 2888 732 2972 altitudini
762 2894 923 2976 Venetis
953 2917 1162 3002 congruam
1180 2953 1203 2996 ,A

285 3046 369 3135 quae
387 3020 449 3106 vel
477 3020 526 3105 ad
545 3045 787 3104 momentum
819 3026 950 3133 ptimae
972 3015 1198 3108 observatio·

285 3159 343 3237 nis
367 3157 443 3257 (in
460 3182 539 3270 qua
559 3160 726 3239 maxima
750 3158 908 3258 extitit)
933 3184 987 3236 10
1018 3148 1200 3242 secundo«

287 3313 373 3370 rum
394 3348 408 3387 ‚
437 3314 503 3374 aut
520 3283 548 3370 fi
563 3282 797 3402 hypothefim
816 3283 1069 3372 Caffinianam
1092 3282 1200 3402 sequi

148 3460 153 3468 ·
285 3418 487 3523 malimus,
506 3451 558 3504 12
574 3426 723 3508 circiter
741 3423 895 3522 inventa
910 3418 985 3506 estt
1005 3420 1107 3506 haud
1126 3447 1187 3504 ne·

284 3543 377 3634 celle
394 3547 465 3635 elle
486 3556 674 3642 creditum
692 3554 743 3639 eli
765 3612 779 3654 ,
804 3545 1082 3641 observationes
1099 3553 1191 3639 alio-

294 3690 389 3795 quin
407 3684 539 3788 tudes,
556 3712 636 3771 tam
657 3682 844 3802 exquisito
860 3685 983 3772 (ludio
999 3686 1049 3772 ab
1065 3680 1197 3773 effectu

284 3811 513 3908 retractionis
538 3823 643 3940 (qui
670 3824 786 3925 etiam
803 3846 905 3910 nunc
922 3820 1066 3932 major,
1093 3840 1195 3903 nunc

591 3979 592 3984 ‘
1064 3977 1193 4041 annor
