3242 4984
782 510 1006 651 orote

439 753 522 829 uno
544 743 606 830 vel
623 739 742 822 altero
759 727 922 817 secundo
939 734 1091 844 augeri,
1116 727 1177 812 vel
1202 703 1346 852 minui,

439 901 554 988 prout
572 904 620 958 ex
642 864 1088 976 collationibusplutium
1108 859 1168 947 vel
1197 866 1347 972 paucio-

443 1035 559 1108 rum,
585 1007 718 1088 harum
753 1003 815 1088 vel
841 1000 989 1084 illarum
1018 977 1350 1085 observationum,

407 1193 409 1200 κ
439 1138 612 1223 deduiiae
630 1134 791 1223 fuerint.
826 1135 918 1238 Qo
936 1124 1099 1245 positos
1091 1153 1220 1240 emper
1237 1129 1351 1213 hatte·

379 1305 387 1368 f
439 1270 501 1356 bit
527 1277 705 1368 animus,
733 1297 905 1385 quanam
933 1266 1134 1350 Parallaxis
1161 1265 1351 1388 quantitas

443 1397 672 1519 exipsorum
705 1406 988 1514 comparatione
1017 1391 1164 1511 ptaecise
1192 1395 1351 1506 colliga

443 1561 527 1622 tur·
563 1542 704 1652 quippe
731 1533 870 1647 2‘'plus
895 1559 961 1620 aut
985 1539 1108 1616 minus
1131 1533 1171 1614 in
1190 1530 1351 1611 minima

441 1671 650 1768 distantia,
670 1661 910 1754 semisecundi
931 1662 1181 1753 differentiam
1214 1657 1321 1746 fere
1311 1686 1350 1743 ιιι

440 1801 647 1885 Parallaxis
666 1806 874 1912 quantitate
895 1802 1131 1910 producunt.
1200 1847 1204 1854 ·
1240 1816 1244 1824 '

473 1955 475 1962 ’
574 1935 636 2016 Ut
656 1957 784 2016 autem
803 1937 1071 2044 experiamur,
1100 1931 1195 2045 quid
1211 1953 1260 2011 ex
1280 1923 1350 2007 ob-

444 2061 650 2150 servatione
668 2069 844 2150 Romana
862 2127 875 2165 ‚
897 2066 1025 2180 quoad
1054 2065 1150 2147 hanc
1179 2085 1350 2189 partem,

446 2197 680 2314 colligatur,
707 2198 1013 2307 praemittendum
1038 2198 1112 2296 est,
1133 2196 1230 2298 (id
1226 2179 1351 2308 quod

446 2328 543 2414 infra
564 2327 900 2450 demonstrabitur)
921 2335 1120 2415 minimam
1137 2316 1350 2414 distantiam

446 2489 691 2580 vetam,quae
709 2491 757 2548 ex
776 2491 821 2548 ea
837 2457 1099 2552 observatione
1117 2456 1350 2548 verismilius

447 2595 666 2708 colligitur,
684 2590 753 2680 essie
775 2598 816 2701 9‘
843 2596 939 2701 29“‚
958 2628 1032 2707 07
1022 2599 1202 2682 Invenit
1221 2617 1350 2679 autem
1420 2697 1424 2703 ¹

448 2724 547 2807 laud.
564 2727 600 2808 la
619 2727 747 2809 Lande
769 2734 1019 2839 quantitatem
1039 2729 1259 2814 addendam
1283 2729 1351 2810 mi

448 2862 560 2942 nimae
580 2859 757 2947 distantiae
779 2885 874 2946 verae
903 2867 943 2947 in
962 2860 1096 2946 Galliis
1113 2866 1222 2975 (quo
1239 2847 1352 2945 trani-

403 3095 410 3116 x
442 2991 521 3076 iata
538 2984 760 3109 supponatur
773 2989 986 3083 observatio
995 3001 1213 3098 Romana),
1232 2991 1349 3075 utru-

402 3179 408 3196 ι
448 3122 580 3209 beatur
608 3152 813 3239 apparens,
849 3132 888 3215 in
917 3126 1114 3242 hypothesi
1150 3123 1350 3212 Parallax'u

450 3257 588 3342 Solaris
614 3261 694 3342 10“
704 3259 747 3385 ᾗ,
770 3252 840 3344 effi
858 3266 939 3372 23''
946 3267 1006 3364 (a)
1017 3264 1210 3373 proxime:
1229 3246 1344 3376 quati⁴

447 3404 596 3484 ritatem
616 3427 745 3491 autem
766 3405 982 3491 addendam
1012 3407 1181 3491 minimae
1195 3389 1345 3490 -distanss

448 3535 509 3616 tiae
528 3545 717 3648 apparenti
734 3531 1005 3629 observationis
1016 3538 1272 3626 Rodericianae
1282 3598 1295 3638 ‚
1306 3560 1347 3620 ut

1202 3715 1210 3724 ·
1301 3697 1348 3758 nt

346 3887 348 3892 '
464 3857 1346 3900 “““““-·--·-----·····

491 3953 540 4044 (a)
563 3950 1155 4050 Mem.del'Acad.an.1761.pag.92.
1211 3924 1230 4037 '4
1261 3990 1265 3995 -
1295 3917 1300 3927 ’
