3242 4984
425 657 603 748 henditur
620 696 632 746 ι
660 667 815 782 relique
831 664 918 750 duae
935 663 1137 751 ostendunt
1162 672 1346 761 minim

424 791 760 908 determinationes
777 799 1028 910 praecedentis·
1038 793 1144 884 seriei
1162 799 1346 892 handen

422 929 711 1018 'excludendasr
739 932 908 1048 ideoque
933 958 1085 1044 tempus
1102 963 1238 1022 verum
1258 965 1347 1026 con·
1503 946 1523 966 ⁶

422 1061 625 1176 junciioitie
641 1065 905 1182 colligendum
923 1062 993 1152 effi
1010 1067 1073 1154 vcl
1089 1095 1140 1152 cx
1155 1097 1348 1184 compara·
1510 1090 1523 1151 ἢ

423 1197 532 1279 tione
550 1201 720 1284 minimae
739 1231 832 1288 cum
850 1207 1022 1290 maxima
1047 1203 1067 1303 (
1087 1203 1196 1316 quod
1219 1205 1271 1286 ad
1288 1209 1346 1292 tei

421 1320 658 1424 subtiliorem
675 1332 943 1422 definitionem
959 1340 1149 1448 pertinere
1166 1362 1347 1422 certum)

351 1579 355 1587 ¹
421 1463 522 1570 esi),
540 1463 601 1548 vel
619 1457 749 1552 uitem
777 1497 827 1552 en
848 1471 1136 1580 comparatione
1160 1471 1345 1553 inerme·

303 1607 310 1616 '
424 1597 609 1696 diarum,
636 1597 795 1693 exclusis
814 1607 995 1716 utrinque
1012 1603 1195 1686 extremis
1219 1631 1233 1691 i
1257 1631 1343 1718 qun

423 1755 553 1819 tamen
568 1737 667 1818 ratio
684 1761 762 1818 non
780 1739 835 1820 ita
850 1762 1026 1820 accurata
1044 1737 1121 1822 est.

555 1869 676 1980 Qod
692 1863 830 1976 spectat
852 1870 904 1952 ad
919 1869 1219 1952 declinationem
1228 1895 1345 1968 ,con-

421 1997 605 2109 jundiioni
624 2003 663 2082 in
674 1993 929 2084 ascensionem
946 2007 1243 2089 convenientem
1256 2063 1268 2098 ‚
1281 2030 1345 2088 ero
1386 2055 1391 2062 ·

421 2137 636 2249 perimemo
654 2129 754 2216 fado
776 2138 817 2218 in
834 2135 987 2247 aliquot
1002 2130 1345 2236 observationibus,

420 2295 509 2382 que
527 2269 696 2351 maxime
713 2257 936 2377 opportumae
953 2263 1037 2352 visae
1054 2262 1139 2353 sunt
1161 2327 1178 2366 ,
1209 2269 1345 2383 depre-

420 2396 737 2486 hendimushanc'
752 2425 830 2485 non
848 2403 901 2484 ita
911 2425 1016 2485 certa
1026 2407 1176 2486 ratione
1192 2403 1346 2515 colligi,

418 2531 757 2648 quemadmodum
783 2527 905 2646 ipsum
931 2559 1084 2648 tempus
1105 2532 1342 2638 conjunctio-

421 2669 480 2752 nis
502 2724 515 2746 .
542 2665 737 2752 Adlribitae
754 2661 914 2754 filerunt
925 2665 1200 2754 declinationes
1217 2661 1344 2754 obser.-

420 2799 623 2884 vationum
639 2827 678 2884 1.
698 2827 771 2907 13·
790 2807 863 2886 18.
880 2831 952 2904 19.
969 2832 1040 2910 30.
1059 2794 1343 2914 31.,quaesunt

161 2943 163 2948 ’
342 3019 344 3022 ,
420 2957 472 3017 ex
489 2957 621 3020 catum
639 2960 837 3034 numero,
858 2927 1208 3050 quasadsemitam
1226 2960 1340 3043 appa-

420 3094 571 3155 rentem
599 3075 617 3167 (
634 3063 695 3152 seu
713 3095 735 3148 a
755 3065 976 3152 refractione
1002 3073 1043 3150 δι
1059 3067 1243 3152 Pnallaxi
1262 3066 1339 3147 mi-

422 3207 532 3288 nIme
546 3196 789 3311 expeditam)
802 3194 1340 3309 abAudioredefinitampto-

421 3338 508 3448 pius
523 3330 703 3416 accedere
720 3329 771 3416 ab
787 3321 928 3417 eodem
942 3323 1245 3417 animadversum
1262 3331 1338 3418 est:

422 3458 589 3581 quasque
600 3468 640 3551 in
658 3460 864 3567 veras‚seu
882 3493 906 3548 a
924 3464 1132 3568 Paralum,
1149 3473 1188 3552 &
1205 3460 1339 3580 (quod

421 3594 556 3712 spesiat
584 3597 634 3683 ad
650 3601 850 3712 primam)
873 3600 991 3682 etiam
1009 3627 1032 3683 a
1050 3595 1272 3685 refraciione
1285 3591 1340 3679 so·

425 3734 519 3822 lutas
531 3731 684 3823 exhibet
695 3732 832 3820 tabella
847 3725 1009 3850 superius
1025 3729 1167 3853 posta·
1197 3733 1258 3820 Ex
1275 3755 1347 3812 ea-

1166 3895 1174 3908 '
1204 3945 1207 3949 .
1251 3887 1341 3951 sum
